2580 4252
491 255 527 266 ..
548 225 633 283 19..

129 335 1041 431 «Deqmfflmemmmacmmbmvmsm‚

81 445 173 517 inter
197 446 455 519 multitudinem
492 447 640 539 solitarij
675 455 711 517 et
734 447 855 538 ignoti,
891 447 918 518 si
944 447 1040 519 aliud

82 579 149 626 non
183 564 274 628 esset
298 557 543 647 testimonium,
579 557 804 627 hortantum
840 556 966 627 debere
990 557 1041 627 vi·

81 667 184 737 detur
218 666 375 736 sufficere
411 665 606 756 unicuique,
642 666 734 756 quod
759 665 850 734 infra
886 667 1039 736 XXVII.

80 796 190 846 annos
213 797 273 845 sue
297 774 542 866 predicationis
565 797 739 864 nunquam
764 774 951 864 abaliquo
979 797 1040 845 suo

80 883 216 974 prelato
252 882 357 952 fuerit
381 883 609 974 reprehensus
644 880 847 953 notabiliter
878 881 934 952 vel
966 905 1040 952 cor-

81 999 207 1082 rectuS,
233 991 295 1061 nisi
321 991 426 1062 semel
450 991 484 1061 in
508 991 677 1082 principio
710 1013 770 1061 sue
794 989 1041 1081 predicationis

79 1100 198 1170 adbuc
221 1099 437 1186 adolescens,
461 1100 544 1190 quia
578 1100 699 1170 ederat
722 1121 844 1168 carnes
866 1105 967 1169 extra
991 1099 1041 1169 lo-

79 1215 303 1279 cumcontra
328 1207 458 1278 ordinis
483 1207 653 1279 instituta.
678 1210 754 1287 Qua
781 1213 922 1299 propter
945 1208 1040 1298 prior

79 1316 256 1409 generalis
279 1315 324 1386 ad
347 1315 547 1407 petitionem
577 1322 612 1385 et
636 1314 836 1386 instantiam
861 1314 1039 1385 cuiusdam

80 1432 218 1514 satrape
243 1423 317 1494 eius
340 1422 446 1493 emuli
471 1422 536 1493 sibi
559 1423 630 1493 XV
654 1422 727 1492 dies
744 1421 916 1511 gravioris
940 1421 1040 1513 culpe

80 1531 257 1602 faciendos
281 1531 315 1601 in
341 1553 482 1601 romana
508 1531 601 1601 Urbe
625 1531 724 1623 quasi
744 1529 873 1599 invitus
897 1554 973 1599 cum
991 1537 1041 1600 te·

80 1640 138 1710 dio
163 1639 365 1730 assignavit.
402 1639 470 1708 Ubi
495 1661 629 1730 semper
666 1661 728 1709 sna
751 1638 862 1708 crevit
885 1639 928 1707 de
951 1638 1040 1710 bono

80 1748 113 1817 in
141 1747 265 1818 melius
288 1748 377 1817 bona
401 1746 503 1838 fama,
540 1747 588 1817 ita
612 1746 703 1838 quod
728 1745 854 1837 prelati
885 1768 927 1815 ex
956 1753 1040 1816 tunc

79 1880 157 1926 cum
183 1855 391 1946 expediebat
414 1878 553 1945 quaqua
576 1877 679 1925 causa
702 1854 765 1925 sibi
790 1852 940 1924 scribere
964 1854 1038 1924 sive

80 1964 176 2056 loqui
192 1963 331 2055 cognita
347 1963 606 2053 obloquentium
624 1963 788 2052 falsitate,
801 1962 947 2051 benigne
959 1984 1038 2032 eum

80 2072 172 2142 omni
199 2071 462 2141 mansuetudine
492 2071 674 2142 faciebant.
709 2073 802 2150 Qtros
826 2068 1039 2140 detractores

79 2188 114 2250 et
138 2179 211 2271 ipse
236 2201 301 2249 non
326 2179 466 2266 quidem
490 2179 727 2249 contenctione
750 2186 785 2248 et
802 2178 863 2248 lite
883 2179 943 2250 sed
959 2179 1039 2248 sim-

80 2286 239 2376 plicitate
262 2284 376 2356 cordis
400 2294 434 2357 et
459 2286 619 2379 prudenti
644 2287 781 2357 silentio
806 2288 1037 2377 pervincebat.

81 2395 243 2464 Pudebat
276 2393 367 2463 enim
392 2395 502 2484 ipsum
539 2418 617 2464 cum
641 2394 770 2464 talibus
804 2395 931 2464 habere
961 2417 1040 2464 con·

80 2524 249 2592 gressum,
274 2501 332 2593 qui
350 2502 425 2572 sola
441 2501 518 2592 lege
543 2508 581 2571 ut
597 2503 699 2571 bruta
722 2502 886 2573 vivebant
903 2502 1039 2593 proprie

80 2609 281 2681 voluntatis.
318 2609 476 2679 Acorde
512 2632 594 2679 vero
619 2616 654 2679 et
677 2608 792 2681 auimo
827 2609 1040 2701 simplicibus

82 2717 205 2788 utilius
239 2717 473 2809 interrogatus
509 2716 689 2786 humiliter
719 2723 753 2786 et
779 2718 935 2807 benigne,
970 2717 1039 2786 cla·

81 2824 229 2895 rissimis
251 2823 485 2894 satisfaciebat
509 2824 701 2894 rationibus
725 2823 909 2915 unicuique
933 2848 964 2895 ».

130 2931 215 3000 «lta
227 2930 318 3022 quod
335 2931 440 3022 aliqui
456 2931 637 3001 audientes
654 2931 712 2999 vix
727 2937 887 3023 poterant
898 2932 1039 3001 credere

82 3038 195 3128 ipsum
215 3037 249 3105 in
266 3037 399 3108 artibus
415 3038 556 3106 minime
568 3039 753 3128 studuisse,
770 3039 804 3107 in
821 3038 945 3129 quibus
957 3060 1039 3107 vere

83 3167 148 3215 non
163 3144 348 3234 audiverit,
366 3144 428 3215 uisi
444 3145 552 3215 XXV
566 3144 739 3214 lectiones.
757 3143 921 3235 Aquibus
932 3144 1039 3232 (aab)

82 3252 151 3322 luit
163 3251 207 3322 ad
218 3273 283 3321 non
286 3305 338 3322 .....
361 3251 407 3341 (l)
421 3274 482 3341 per
494 3251 678 3341 quemdam
695 3250 838 3322 fratrem
857 3252 943 3321 bone
957 3250 1039 3320 fidei

82 3380 312 3451 possessorem
337 3357 546 3428 mirabiliter
570 3365 761 3440 revocatus,
786 3365 821 3428 et
844 3359 889 3428 ad
905 3381 1038 3429 sacram

83 3535 242 3546 -.---——-

128 3599 168 3666 (1)
191 3599 259 3652 tou
280 3600 363 3666 appe
381 3599 405 3652 u
422 3563 501 3661 cea,¹
519 3613 572 3653 ma
591 3600 680 3652 creua
693 3599 786 3652 aeota
805 3598 1040 3654 sociaetatem

84 3688 247 3749 audiendas
267 3701 284 3742 c
303 3689 385 3747 ultro
404 3687 493 3749 carbo
511 3689 678 3747 consimile.
