2580 4252
574 243 610 254 ..
627 212 663 270 23
681 243 716 252 ..

164 343 313 414 cumque
337 327 449 392 status
473 327 536 391 aut
559 320 751 411 qualitatis,
776 319 809 387 in
834 318 989 410 ecclesia,
1013 318 1069 388 rel
1090 313 1125 386 in

167 429 281 520 domo,
294 428 360 499 tali
376 434 413 498 et
428 435 527 499 tanta
543 426 712 498 modestia
729 426 935 518 persistebat
954 433 992 496 ut
1008 447 1125 515 omnes

166 542 333 626 astantes,
356 542 428 606 tam
453 535 545 626 Viri,
573 557 677 626 quam
703 533 875 625 mulieres,
889 540 959 603 tam
984 555 1129 604 consan-

166 643 285 734 guinei
311 666 414 735 quam
439 650 610 734 parentes,
634 665 712 711 cum
729 641 959 712 admiratione
976 639 1128 712 devotis·

165 751 254 821 sima
278 750 504 841 predicabant
526 748 755 840 fragrantiam
772 771 912 819 suorum
938 757 1077 820 actuum
1090 756 1128 819 et

165 879 373 929 sermonum.
402 857 550 928 Etcum
574 863 673 927 tanta
696 854 765 926 fide
799 862 836 926 et
860 855 978 947 quiete
1002 855 1128 947 cordis,

165 964 233 1034 viri
259 964 486 1036 dimictebant
520 986 645 1035 uxores
674 971 710 1034 et
733 962 821 1035 alias
855 963 898 1034 de
922 962 1024 1034 domo
1047 986 1126 1033 cum

164 1071 251 1164 ipso,
275 1072 317 1162 (c.
339 1072 408 1162 91‘)
433 1093 473 1142 ac
497 1071 525 1142 si
550 1077 639 1142 esset
661 1078 772 1163 pater,
795 1069 852 1141 vel
868 1091 1054 1162 germanus
1070 1069 1126 1139 rel

164 1179 331 1269 securius,
345 1179 373 1250 si
398 1179 465 1249 dici
486 1185 602 1270 posset
625 1202 656 1249 ».

213 1311 231 1352 a
255 1286 490 1356 Mammonam
514 1284 579 1356 sibi
596 1284 737 1376 quidem
755 1284 1017 1376 predarnnatam
1041 1306 1125 1353 nun-

163 1414 272 1485 quam
295 1392 352 1463 vel
367 1414 538 1484 nusquam
555 1392 668 1484 potuit
693 1394 739 1480 (2)
765 1391 1019 1482 comprehendi.
1033 1392 1124 1462 Nam

171 1497 410 1571 cumulatores
426 1498 569 1590 pecunie
584 1499 807 1590 abhorrebat,
831 1506 866 1569 et
881 1521 917 1570 se
932 1499 1124 1569 cumulato-

164 1607 328 1678 remeius
351 1628 417 1677 non
430 1629 503 1678 esse
519 1606 654 1677 actibus
677 1605 890 1698 ostendebat,
913 1606 1051 1698 quando
1075 1628 1126 1677 se-

163 1714 315 1785 cundum
329 1712 610 1785 consuetudinem
628 1712 758 1784 ordinis
773 1712 863 1784 sieut
878 1714 986 1784 ceteri
1010 1713 1127 1803 predi-

164 1829 302 1893 catores
318 1821 548 1913 provisionem
565 1844 585 1891 a
603 1821 828 1892 conventibus
849 1821 909 1891 ubi
925 1820 1126 1912 predicabat

162 1929 307 2000 minime
330 1927 503 2021 cupiebat,
526 1951 644 2022 ymmo
667 1928 763 1998 illam
800 1928 999 2000 omnimode
1030 1951 1125 1999 recu-

161 2037 275 2108 sabat.
301 2037 334 2108 A
357 2035 570 2108 secularibus
594 2058 661 2128 que
685 2036 857 2106 dabantur
881 2035 926 2106 ad
949 2035 1023 2127 pias
1047 2058 1126 2106 cau·

162 2167 220 2215 sas
243 2165 306 2234 pro
331 2143 433 2214 rebus
449 2142 702 2231 ecelesiasticis,
726 2164 788 2233 pro
805 2164 994 2234 pauperum
1012 2164 1126 2212 neces·

161 2250 327 2321 sitatibus
350 2249 582 2342 sublevandis,
598 2256 634 2319 et
650 2271 710 2341 pro
728 2249 826 2319 libris
841 2249 906 2320 sibi
924 2248 1126 2340 necessarijs

162 2356 392 2449 expendebat.
428 2357 506 2427 Non
530 2364 645 2426 tamen
683 2356 872 2446 recipiebat
900 2357 944 2426 ab
967 2356 1126 2426 omnibus

165 2464 419 2554 indifferenter,
431 2465 491 2535 sed
508 2464 618 2534 solum
643 2465 688 2534 ab
704 2464 773 2554 hijs
792 2464 851 2554 qui
868 2464 924 2534 vel
942 2487 1008 2555 que
1025 2471 1125 2534 tanta

164 2570 236 2643 fide
260 2579 296 2642 et
319 2571 502 2642 devotione
533 2594 570 2642 se
594 2578 630 2641 et
652 2594 715 2642 sua
739 2573 773 2640 in
797 2571 868 2641 suis
892 2572 1051 2641 manibus
1074 2571 1125 2642 of-

164 2677 334 2770 ferebant,
357 2680 450 2770 quod
485 2679 512 2749 si
551 2679 667 2749 omnia
701 2679 735 2747 in
768 2679 854 2747 mari
889 2680 946 2748 vel
981 2678 1123 2747 flumine

165 2786 378 2877 proiecisset,
415 2785 479 2877 ipsi
504 2786 655 2857 contenti
692 2786 811 2877 quieto
838 2785 953 2854 anirno
989 2807 1123 2855 reman-

164 2894 299 2964 sissent.
336 2893 435 2964 Alios
458 2915 595 2985 quoque
631 2915 749 2963 omnes
779 2892 844 2963 sibi
880 2892 1015 2984 aliquid
1040 2893 1124 2962 offe·

165 3008 282 3072 rentes
305 3000 350 3070 ad
373 3001 523 3092 priorem
547 3001 603 3070 vel
628 3005 819 3091 sacristam,
844 3008 906 3074 aut
922 3010 1125 3092 procurato·

166 3131 238 3178 rem
262 3115 451 3178 conventus
486 3107 716 3199 quamcitius
741 3108 787 3197 (l)
813 3106 1025 3177 remictebat.
1050 3108 1123 3178 Nec

166 3215 208 3285 de
232 3223 303 3285 tarn
324 3237 448 3308 magna
471 3214 694 3285 multitudine
718 3215 760 3284 de
778 3215 852 3306 ipso
876 3214 1123 3284 confidentium

166 3321 352 3414 aliquando
376 3322 502 3413 aliquis
526 3329 578 3392 est
601 3330 808 3413 conquestus
832 3322 921 3391 sieut
944 3321 986 3390 de
1005 3320 1125 3390 multis

209 3663 247 3736 (l)
267 3665 302 3718 In
321 3666 385 3721 cod.
407 3679 496 3734 quam
516 3664 623 3722 totius.
