2580 4252
511 254 653 312 ..17-

100 366 213 432 teram
238 360 349 433 amico
376 384 437 434 suo
461 360 675 456 festinanter,
710 387 731 436 a
754 364 867 459 capite
891 387 1000 457 usque
1024 367 1060 438 in

100 470 206 541 linem
230 477 326 542 carte
361 471 499 542 minime
523 472 721 546 desistebat.
759 476 889 546 Audivi
918 476 962 547 ab
986 476 1059 569 ipso

100 602 168 671 que
192 579 347 668 alioquin
371 603 433 653 suo
457 588 531 652 toto
566 582 659 653 nissu
683 583 833 654 scribere
857 585 1058 676 conabatur,

99 688 162 759 sed
186 688 287 758 modo
312 688 428 780 aliquo
453 711 517 759 non
543 690 692 761 valebat.
718 691 763 762 Et
784 692 991 785 quandoque
1009 694 1058 762 in-

100 795 334 867 fundebantur
357 804 392 866 et
415 798 521 868 menti
545 821 606 868 sue
631 806 682 869 tot
711 808 747 869 et
770 808 840 869 tam
866 801 1058 871 clarissima

99 905 327 976 occurrebant
362 912 401 975 ut
435 904 495 974 vix
530 914 645 998 posset
679 906 820 1000 eligere,
856 908 948 999 quod
976 909 1057 978 scri·

100 1012 252 1085 bendum
275 1036 307 1083 n.

147 1120 236 1191 «Et
259 1120 419 1191 similitor
441 1122 476 1192 in
501 1123 546 1212 (l)
563 1122 855 1214 predicationibus
880 1144 1055 1215 nunquam

98 1252 200 1299 suum
223 1230 401 1321 captivare
425 1238 562 1320 poterat
590 1230 804 1300 intellectum
829 1230 1057 1303 determinate

98 1336 1058 1432 precogitansquoddicendum.Ymmocnmsolempnio-

97 1467 155 1515 res
170 1444 326 1516 facturus
342 1452 418 1517 erat
434 1445 695 1538 predicationes‚
712 1454 793 1516 tunc
811 1446 1056 1540 impedimenta

97 1553 232 1624 maiora
254 1553 320 1623 sibi
345 1554 460 1646 sepius
483 1554 689 1625 ocurrebant
713 1577 756 1624 ex
774 1556 964 1626 necessario
989 1556 1053 1627 sibi

96 1667 173 1730 tota
207 1669 306 1732 nocte
341 1662 530 1733 scribendis
565 1662 834 1734 destinandisve.
862 1664 985 1735 XXX.
1021 1672 1057 1735 et

96 1768 305 1860 quandoque
328 1769 404 1840 XL.
429 1770 557 1840 litteris
581 1770 746 1841 citissime
779 1770 988 1863 responsivis
1011 1772 1056 1841 ad

95 1898 176 1946 suos
212 1876 356 1946 devotos
392 1877 570 1968 utriusque
605 1901 707 1947 sexus
744 1900 830 1968 qnos
854 1878 888 1946 in
923 1878 1054 1948 christo

95 1982 308 2072 evangelicis
331 1983 546 2053 sermonibus
580 1991 616 2053 et
639 1983 807 2074 exemplis
830 1991 998 2072 penuerat
1021 1991 1056 2054 et

95 2090 225 2180 alebat,
252 2089 285 2158 in
299 2098 418 2161 sancta
430 2091 536 2162 Urbe.
562 2091 596 2160 in
611 2091 765 2162 Perusio.
780 2092 815 2160 in
832 2091 1002 2183 Engnbio.
1020 2093 1055 2161 in

94 2196 274 2267 Florentia
298 2204 402 2288 atque
428 2199 535 2269 Senis.
560 2198 607 2268 Et
631 2223 708 2269 cum
732 2199 777 2268 ad
800 2199 913 2268 locum
937 2200 1053 2292 prodi-

93 2304 243 2374 cationis
266 2306 474 2396 properabat
511 2307 550 2394 (c.
575 2306 645 2396 89),
669 2308 822 2377 nesciens
850 2330 916 2398 que
941 2308 1055 2394 potins

93 2418 187 2482 esset
208 2412 399 2483 auctoritas
416 2413 622 2502 proferenda
638 2436 779 2485 accenso
796 2414 966 2485 desiderio
980 2438 1055 2507 per-

93 2519 240 2610 optabat
263 2541 399 2610 semper
422 2521 551 2592 habere
575 2521 712 2591 obviarn
737 2522 797 2612 qul
818 2521 882 2592 sibi
908 2523 1055 2593 arictori-

94 2633 204 2696 tatem
229 2625 360 2697 diceret
382 2629 638 2720 proponendam
663 2652 694 2699 ».

143 2759 161 2800 «
185 2734 272 2805 Cum
295 2758 379 2806 vero
403 2736 447 2806 ad
473 2735 585 2806 locum
614 2743 819 2828 pervenerat
842 2736 1053 2828 predicandi,

93 2847 251 2932 respecto
275 2841 381 2912 semel
406 2843 533 2934 populo
563 2842 843 2934 circumquaque,
867 2845 1051 2913 secundum

94 2948 363 3041 uniuscuiusque
387 2951 613 3041 capacitatem
638 2957 736 3019 tanta
753 2952 883 3020 virtute
907 2972 1054 3040 evange-

93 3055 234 3145 lizabat,
269 3065 308 3127 ut
331 3056 457 3147 singuli
493 3058 610 3128 sanius
645 3056 880 3145 intelligentes
904 3058 1053 3127 admira·

93 3162 189 3232 tione
213 3163 405 3255 timoreque
433 3158 502 3235 'sna
536 3173 676 3258 pectora
703 3166 938 3256 verberantes,
963 3165 1053 3234 alter

93 3269 246 3339 alterum
270 3268 440 3342 affaretur
463 3272 625 3344 dicentes.
658 3272 706 3341 Vc
729 3273 821 3342 nn'ln'
836 3275 923 3363 quia
938 3273 1053 3340 opinis

93 3383 220 3445 contra
235 3400 290 3446 nac
301 3377 362 3446 hcc
375 3378 582 3468 predicatio
595 3382 697 3470 jboto
710 3382 797 3470 sitit,
813 3379 918 3448 dulcor
931 3381 1054 3470 utiquc

94 3491 201 3575 atquc
226 3491 363 3554 tantona
386 3490 423 3555 in
446 3509 501 3555 nro
525 3488 905 3579 ncr‘scrr'arnrrnnqoam
929 3485 1051 3556 nn'dc'n.

138 3719 178 3785 (l)
197 3719 234 3771 In
257 3718 324 3771 dod.
344 3718 598 3789 predicatoribus

200 3847 273 3892 Arctoi,
294 3846 368 3894 Apost.
388 3845 439 3885 Vol.
459 3845 490 3894 Π,
