2580 4252
576 299 611 312 ..
630 269 664 328 47
682 298 717 311 ..

164 377 443 476 responsionibus
467 401 529 474 per
553 376 758 454 Defensores
781 376 825 451 ad
843 373 1127 452 Animadversio-

163 514 225 563 nes
248 490 352 582 datis,
382 490 639 562 rescribendum
670 499 878 562 censuerunt
911 488 1126 583 «Affirma-

164 602 236 672 tice
259 624 278 666 »
304 623 365 671 seu
389 607 547 671 constare
571 599 614 670 de
638 621 719 669 casn
744 606 888 691 excepto
913 622 934 670 a
966 600 1123 671 Decretis

162 732 211 780 sa.
226 730 292 780 me.
306 707 440 778 Urbani
454 709 568 800 Papae
586 708 678 778 VIII.
693 707 759 779 Die
779 708 819 777 17
831 707 983 800 Augusti
996 707 1081 781 1833
1093 733 1125 780 ».

212 841 230 883 «
255 816 368 906 Super
390 815 516 907 quibus
539 815 698 886 omnibus
714 814 807 886 facta
823 815 1041 906 postmodum
1058 838 1119 909 per

165 947 219 994 me
236 923 496 1015 infrascriptum
519 923 674 994 eiusdem
692 924 817 995 Sacrae
835 923 1121 1014 Congregationis

164 1031 400 1104 Secretarium
414 1031 638 1103 Sanctissimo
647 1032 795 1104 Domino
812 1033 940 1103 Nostro
954 1031 1125 1124 Gregorio

163 1140 252 1212 XVI
278 1139 448 1211 Pontefici
472 1138 626 1210 Maximo
651 1138 744 1209 fideli
779 1139 960 1230 relatione,
994 1138 1126 1211 Sancti-

163 1259 219 1320 tas
243 1249 314 1320 Sua
337 1247 561 1338 Rescriptum
586 1247 713 1318 Sacrae
738 1247 1024 1338 Congregationis
1042 1270 1120 1318 con-

162 1357 331 1448 firmavit,
354 1355 631 1448 adprobavitque
655 1356 798 1427 Cultum
822 1356 1013 1448 publicum,
1026 1364 1062 1428 et
1074 1378 1127 1427 ec·

161 1465 397 1537 clesiasticum
420 1466 531 1535 Beato
556 1463 687 1536 Simoni
711 1487 733 1534 a
756 1465 875 1536 Cassia
889 1465 1064 1556 praedicto
1081 1466 1126 1536 ab

162 1572 431 1644 immemorabili
455 1580 610 1664 tempore
633 1573 849 1665 praestitum.
863 1574 929 1645 Die
945 1574 991 1646 23
1009 1596 1124 1645 recen-

161 1681 224 1753 siri
249 1682 375 1752 mensis
398 1688 433 1751 et
457 1680 538 1751 anni
561 1705 593 1750 u.

212 1841 269 1913 lto
291 1843 480 1933 reperitur
504 1843 543 1911 in
567 1842 668 1911 Actis
699 1867 740 1912 oc
771 1840 932 1935 Repertis
961 1841 1125 1911 Secretu-

160 1951 245 2020 rr‘ae
267 1949 377 2039 hujus
401 1948 537 2019 Sacrae
560 1947 713 2018 Butrium
741 1946 1032 2041 Couprapotr'ouis
1056 1948 1122 2017 boc

161 2056 225 2127 dic
250 2056 271 2125 1
300 2055 519 2147 Septembris
545 2054 662 2125 1897.
735 2070 736 2073 ’

388 2213 582 2306 Philippos
606 2212 648 2282 cli
670 2212 773 2284 Foco
798 2213 1031 2284 Sacbstr‘tutns,

421 2785 504 2834 FINE
529 2784 643 2833 DELLA
667 2786 872 2835 BIOGRAFIA.
